<?xml version="1.0" encoding="UTF-8"?><collection xmlns="http://www.loc.gov/MARC21/slim"><record><leader>00421nam--2200133-i-4500</leader><controlfield tag="001">000022048</controlfield><controlfield tag="002">20161230</controlfield><controlfield tag="005">20161230201034</controlfield><controlfield tag="008">060222s1000------------r-----000-0-eng-d</controlfield><datafield ind1=" " ind2=" " tag="100"><subfield code="a">Hill, J.F</subfield></datafield><datafield ind1=" " ind2=" " tag="245"><subfield code="a">The operation, programming and usage of bepo, gleep, lido</subfield></datafield><datafield ind1=" " ind2=" " tag="260"><subfield code="a">Harwell, Atomic Energy Research Establ., 1961, 16 P</subfield></datafield><datafield ind1=" " ind2=" " tag="490"><subfield code="a">Simposium On The Programming And Utilization Of Research Reactors</subfield></datafield><datafield ind1=" " ind2=" " tag="852"><subfield code="a">16888</subfield></datafield></record></collection>